<record><leader>00000cas a22000007a 4500</leader><controlfield tag="001">10941616</controlfield><controlfield tag="008">840712d18581861ohuwr ne      0    0eng d</controlfield><datafield ind1=" " ind2=" " tag="010"><subfield code="a">sn 84028300 </subfield></datafield><datafield ind1=" " ind2=" " tag="040"><subfield code="a">NPY</subfield><subfield code="b">eng</subfield><subfield code="c">NPY</subfield><subfield code="d">ONP</subfield><subfield code="d">OCLCQ</subfield></datafield><datafield ind1=" " ind2=" " tag="042"><subfield code="a">msc</subfield></datafield><datafield ind1="0" ind2=" " tag="130"><subfield code="a">Weekly national Democrat (Cleveland, Ohio)</subfield></datafield><datafield ind1="1" ind2="4" tag="245"><subfield code="a">The Weekly national Democrat.</subfield></datafield><datafield ind1="1" ind2="3" tag="246"><subfield code="a">National Democrat</subfield></datafield><datafield ind1=" " ind2=" " tag="260"><subfield code="a">Cleveland, Ohio :</subfield><subfield code="b">E.A. Munson,</subfield><subfield code="c">-1861.</subfield></datafield><datafield ind1=" " ind2=" " tag="300"><subfield code="a">v. ;</subfield><subfield code="c">67-69 cm.</subfield></datafield><datafield ind1=" " ind2=" " tag="310"><subfield code="a">Weekly</subfield></datafield><datafield ind1="1" ind2=" " tag="362"><subfield code="a">Began with Jan. 6, 1858 issue.</subfield></datafield><datafield ind1="0" ind2=" " tag="362"><subfield code="a">-v. 3, no. 7 (Feb. 15, 1861).</subfield></datafield><datafield ind1=" " ind2=" " tag="500"><subfield code="a">Publishers: E.A. Munson, &lt;Jan. 6, 1859-Oct. 26, 1860&gt;; C.B. Flood &amp; Co., &lt;Feb. 15, 1861&gt;</subfield></datafield><datafield ind1=" " ind2=" " tag="500"><subfield code="a">Published on Friday.</subfield></datafield><datafield ind1=" " ind2=" " tag="500"><subfield code="a">Editor: C.B. Flood.</subfield></datafield><datafield ind1=" " ind2=" " tag="588"><subfield code="a">Description based on: Vol. 2, no. 1 (Jan. 6, 1859).</subfield></datafield><datafield ind1="1" ind2=" " tag="700"><subfield code="a">Munson, E. A.</subfield></datafield><datafield ind1="1" ind2=" " tag="700"><subfield code="a">Flood, C. B.</subfield></datafield><datafield ind1=" " ind2=" " tag="752"><subfield code="a">United States</subfield><subfield code="b">Ohio</subfield><subfield code="c">Cuyahoga</subfield><subfield code="d">Cleveland.</subfield></datafield><datafield ind1="0" ind2=" " tag="775"><subfield code="t">Daily national Democrat (Cleveland, Ohio)</subfield><subfield code="w">(DLC)sn 84028305</subfield></datafield></record>